@misc{wang2021improving,
      title={Improving the Accessibility of Scientific Documents: Current State, User Needs, and a System Solution to Enhance Scientific PDF Accessibility for Blind and Low Vision Users}, 
      author={Lucy Lu Wang and Isabel Cachola and Jonathan Bragg and Evie Yu-Yen Cheng and Chelsea Haupt and Matt Latzke and Bailey Kuehl and Madeleine van Zuylen and Linda Wagner and Daniel S. Weld},
      year={2021},
      eprint={2105.00076},
      archivePrefix={arXiv},
      primaryClass={cs.DL},
}
@inproceedings{bingham2016accessible,
	author={Jeffrey P. Bigham and Erin Brady and Cole Gleason and Anhong Guo and David A. Shamma},
	title={An Uninteresting Tour Through Why Our Research Papers Arenâ€™t Accessible},
	year={2016},
	booktitle={Proceedings of the 2016 CHI Conference Extended Abstracts on Human Factors in Computing Systems.},
	note={Available at \url{https://doi.org/10.1145/2851581.2892588}}
}
@misc{brinn2022framework,
      title={A framework for improving the accessibility of research papers on arXiv.org}, 
      author={Shamsi Brinn and Christopher Cameron and David Fielding and Charles Frankston and Alison Fromme and Peter Huang and Mark Nazzaro and Stephanie Orphan and Steinn Sigurdsson and Ryan Tay and Miranda Yang and Qianyu Zhou},
      year={2022},
      eprint={2212.07286},
      archivePrefix={arXiv},
      primaryClass={cs.DL},
}
@book{knuth1984computers,
      title={Computers \& Typesetting}, 
      author={Donald E. Knuth},
      year={1984-1986},
      publisher={Addison-Wesley Publishing Company},
      address={Reading, Mass.},
}
@book{lamport1986latex,
      title={LaTeX: A Document Praparation System}, 
      author={Leslie Lamport},
      year={1986},
      publisher={Addison-Wesley Publishing Company},
      address={Reading, Mass.},
}
@article{stamerjohanns2010transforming,
    author = {Heinrich Stamerjohanns and Michael Kohlhase and Deyan Ginev and Catalin David and Bruce Miller},
    title = {Transforming Large Collections of Scientific Publications to XML},
    journal = {Mathematics in Computer Science},
    year = {2010},
}
@ARTICLE {ieee2018tex-history1,
    author = {B. Beeton and K. Berry and D. Walden},
    journal = {IEEE Annals of the History of Computing},
    title = {TeX: A Branch of Desktop Publishing Evolution, Part 1},
    year = {2018},
    volume = {40},
    number = {03},
    issn = {1934-1547},
    pages = {78-93},
    abstract = {Donald Knuth began the development of TeX in 1977 and had an initial version running in 1978, with the aim of type
setting mathematical documents with the highest quality, and with archival reproducibility far into the future. Its usage spread, 
and today the TeX system remains in use by a vibrant user community. However, the world of TeX has always been somewhat out of syn
c with the commercial desktop publishing systems that began to come out in the mid-1980s and are now ubiquitous in the worlds of p
ublishing and printing.},
    keywords = {typesetting;desktop publishing;history;text processing;mathematics;codes;programming},
    doi = {10.1109/MAHC.2018.033841114},
    publisher = {IEEE Computer Society},
    address = {Los Alamitos, CA, USA},
    month = {7}
}
@ARTICLE {ieee2019tex-history2,
    author = {B. Beeton and K. Berry and D. Walden},
    journal = {IEEE Annals of the History of Computing},
    title = {TeX: A Branch of Desktop Publishing Evolution, Part 2},
    year = {2019},
    volume = {41},
    number = {02},
    issn = {1934-1547},
    pages = {29-41},
    abstract = {Donald Knuth began the development of TeX in 1977 and had an initial version running in 1978, with the aim of typesetting mathematical documents with the highest quality and with archival reproducibility far into the future. Its usage spread and today the TeX system remains in use by a vibrant user community. However, the world of TeX has always been somewhat out of sync with the commercial desktop publishing systems that began to come out in the mid-1980s, and are now ubiquitous in the worlds of publishing and printing.},
    keywords = {text processing;encoding;product design;desktop publishing;history;market research;software packages},
    doi = {10.1109/MAHC.2019.2893731},
    publisher = {IEEE Computer Society},
    address = {Los Alamitos, CA, USA},
    month = {4}
}
@Article{mittelbach23:latex,
  author =   {Frank Mittelbach},
  title =    {\LaTeX\ anniversaries -- A look into two direction},
  journal =      {TUGboat},
  year =     2023,
  volume =   44,
  number =   1,
  pages =    {77-86},
  doi =          {10.47397/tb/44-1/tb136mitt-history}
}